% Encoding: UTF-8

@misc{1,
  title={协同过滤推荐算法总结},
  author={刘建平Pinard},
  howpublished={\url{https://www.cnblogs.com/pinard/p/6349233.html}},
  year={2017},
}
@misc{3,
  title={SimRank协同过滤推荐算法},
  author={刘建平Pinard},
  howpublished={\url{https://www.cnblogs.com/pinard/p/6362647.html}},
  year={2017},
}
@inproceedings{2,
  title={Simrank: a measure of structural-context similarity},
  author={Jeh, Glen and Widom, Jennifer},
  booktitle={Proceedings of the eighth ACM SIGKDD international conference on Knowledge discovery and data mining},
  pages={538--543},
  year={2002}
}
@misc{4,
      title={Convolutional Neural Networks for Sentence Classification}, 
      author={Yoon Kim},
      year={2014},
      eprint={1408.5882},
      archivePrefix={arXiv},
      primaryClass={cs.CL}
}